<record><leader>00000cas a22000001a 4500</leader><controlfield tag="001">20187226</controlfield><controlfield tag="007">hd bfb018baca</controlfield><controlfield tag="007">hd bfb018baaa</controlfield><controlfield tag="008">890816d19201934nyudn n a     0   a0eng c</controlfield><datafield ind1=" " ind2=" " tag="010"><subfield code="a">sn 94080800 </subfield></datafield><datafield ind1=" " ind2=" " tag="040"><subfield code="a">SUC</subfield><subfield code="b">eng</subfield><subfield code="c">SUC</subfield><subfield code="d">RQM</subfield><subfield code="d">OCLCQ</subfield></datafield><datafield ind1=" " ind2=" " tag="042"><subfield code="a">pcc</subfield></datafield><datafield ind1="0" ind2=" " tag="130"><subfield code="a">New York evening post (New York, N.Y. : 1920)</subfield></datafield><datafield ind1="1" ind2="0" tag="245"><subfield code="a">New York evening post.</subfield></datafield><datafield ind1="3" ind2="0" tag="246"><subfield code="a">Combined New York evening newspapers</subfield></datafield><datafield ind1=" " ind2=" " tag="260"><subfield code="a">New York, N.Y. :</subfield><subfield code="b">N.Y. Evening Post Inc.</subfield></datafield><datafield ind1=" " ind2=" " tag="300"><subfield code="a">volumes :</subfield><subfield code="b">illustrations</subfield></datafield><datafield ind1=" " ind2=" " tag="310"><subfield code="a">Daily (except Sunday)</subfield></datafield><datafield ind1=" " ind2=" " tag="336"><subfield code="a">text</subfield><subfield code="b">txt</subfield><subfield code="2">rdacontent</subfield></datafield><datafield ind1=" " ind2=" " tag="337"><subfield code="a">microform</subfield><subfield code="b">h</subfield><subfield code="2">rdamedia</subfield></datafield><datafield ind1=" " ind2=" " tag="338"><subfield code="a">microfilm reel</subfield><subfield code="b">hd</subfield><subfield code="2">rdacarrier</subfield></datafield><datafield ind1="1" ind2=" " tag="362"><subfield code="a">Began with Nov. 16, 1920 issue; ceased with Mar. 28, 1934 issue.</subfield></datafield><datafield ind1=" " ind2=" " tag="500"><subfield code="a">Published as: Combined New York evening newspapers during New York newspapers' strike Sept. 19-25, 1923.</subfield></datafield><datafield ind1=" " ind2=" " tag="588"><subfield code="a">Description based on: Vol. 128, no. 140 (May 1, 1929); title from caption.</subfield></datafield><datafield ind1=" " ind2=" " tag="533"><subfield code="a">Microfilm.</subfield><subfield code="m">v.120-133 (1920-1934) On film with related titles.</subfield><subfield code="b">New York :</subfield><subfield code="c">New York Public Library,</subfield><subfield code="d">[19--].</subfield><subfield code="e">420 microfilm reels ; 35 mm.</subfield></datafield><datafield ind1=" " ind2=" " tag="752"><subfield code="a">United States</subfield><subfield code="b">New York</subfield><subfield code="c">New York</subfield><subfield code="d">New York.</subfield></datafield><datafield ind1="0" ind2=" " tag="776"><subfield code="t">New York evening post (New York, N.Y. : 1920)</subfield><subfield code="w">(DLC)sn 83030386</subfield><subfield code="w">(OCoLC)9517291</subfield></datafield><datafield ind1="0" ind2="0" tag="780"><subfield code="t">Evening post (New York, N.Y. : 1832)</subfield><subfield code="w">(DLC)sn 94080799</subfield></datafield><datafield ind1="0" ind2="0" tag="785"><subfield code="t">New York post (New York, N.Y. : 1934)</subfield><subfield code="w">(DLC)sn 94080801</subfield></datafield><datafield ind1=" " ind2=" " tag="850"><subfield code="a">NN</subfield><subfield code="a">NN (master)</subfield></datafield><datafield ind1="1" ind2=" " tag="029"><subfield code="a">AU@</subfield><subfield code="b">000025869463</subfield></datafield></record>